<?xml version="1.0" encoding="UTF-8"?><collection xmlns="http://www.loc.gov/MARC21/slim"><record><leader>00484nam--2200181-u-4500</leader><controlfield tag="001">000055868</controlfield><controlfield tag="002">20161230</controlfield><controlfield tag="005">20161230201052</controlfield><controlfield tag="008">130812s1000------------r-----000-0-fre-d</controlfield><datafield ind1=" " ind2=" " tag="040"><subfield code="a">IFIN-HH</subfield></datafield><datafield ind1=" " ind2=" " tag="041"><subfield code="a">fre</subfield></datafield><datafield ind1=" " ind2=" " tag="080"><subfield code="a">519.4:512</subfield></datafield><datafield ind1="1" ind2=" " tag="100"><subfield code="a">Bourbaki, N</subfield></datafield><datafield ind1="1" ind2="0" tag="245"><subfield code="a">Elements de mathematique</subfield><subfield code="b">Facicule xxvi groupes et algebres de lie chapitre i algebres de lie</subfield></datafield><datafield ind1=" " ind2=" " tag="260"><subfield code="a">Paris</subfield><subfield code="b">Hermann</subfield><subfield code="c">1971</subfield></datafield><datafield ind1=" " ind2=" " tag="300"><subfield code="a">146P</subfield></datafield><datafield ind1=" " ind2=" " tag="852"><subfield code="a">37239</subfield><subfield code="c">519.4/5</subfield></datafield><datafield ind1=" " ind2=" " tag="CAT"><subfield code="a">Sys</subfield><subfield code="c">20130812</subfield><subfield code="h">180626</subfield></datafield></record></collection>